% Encoding: UTF-8

@Article{fuzzy,
  author    = {Salazar.J.L.A},
  title     = {Fuerzas desarrolladas en el frenado de vehículos},
  journal   = {monografias.com},
  year      = {2009},
  owner     = {pc},
  timestamp = {2016.03.01},
}

@Article{abraham2001,
  Title                    = {Neuro fuzzy systems: State-of-the-art modeling techniques},
  Author                   = {A Abraham},
  Journal                  = {Artificial Intelligence},
  Year                     = {2001},

  Owner                    = {pc},
  Timestamp                = {2016.03.01}
}

@MastersThesis{opti2014,
  Title                    = {The Gazelle Adaptive Racing Car Pilot},
  Author                   = {Kholah Albelihi},
  School                   = {Indiana University South Bend Department of Computer and Information Sciences},
  Year                     = {2014},

  Owner                    = {pc},
  Timestamp                = {2016.04.30}
}

@Article{IA,
  author    = {Bienvenu.M.},
  title     = {Introduction à l’Intelligence Artificielle},
  journal   = {https://www.lri.fr/},
  year      = {2007},
  owner     = {pc},
  timestamp = {2016.04.30},
}

@Article{torcs5,
  author    = {Cardamone.L and Loiacono.D and Lanzi.P.L},
  title     = {Simulated Car Racing Championship - Competition Software Manual},
  journal   = {http://arxiv.org/pdf/ 1304.1672.pdf},
  year      = {2014},
  owner     = {pc},
  timestamp = {2016.05.01},
}

@Article{manuel,
  author    = {Loiacono.D and Cardamone.L and Lanzi.P.L},
  title     = {Simulated Car Racing ChampionshipCompetition Software Manual},
  journal   = {TORCS news},
  year      = {2013},
  owner     = {pc},
  timestamp = {2016.02.22},
}

@Article{torcs2,
  author    = {LoiaconoD. and Cardamone.L. and Lanzi.P.L.},
  title     = {Software manual of the car racing competition.},
  journal   = {TORCS news},
  year      = {2009},
  owner     = {pc},
  timestamp = {2016.02.29},
  url       = {http://cig.dei.polimi.it/wpcontent/ uploads/2008/04/manual v03.pdf.},
}

@Book{auteur1991,
  title     = {Handbook of genetic algorithms},
  publisher = {Van Nostrand Reinhold},
  year      = {1991},
  author    = {Davis.L.D.},
  owner     = {pc},
  timestamp = {2016.02.29},
}

@Article{Histoire2,
  Title                    = {Histoire des Jeux video},
  Author                   = {Alain Le Diberder},
  Journal                  = {Cnam DESS},
  Year                     = {2002},

  Owner                    = {pc},
  Timestamp                = {2016.02.29}
}

@Article{Paschos2005,
  author    = {Dolev.Sh. and Kogan-Sadetsky.M.},
  title     = {HEURISTIC CERTIFICATES VIA APPROXIMATIONS},
  journal   = {Informatics and Applications},
  year      = {2015},
  volume    = {9},
  pages     = {15-27},
  owner     = {pc},
  timestamp = {2016.02.29},
}

@Article{torcs,
  author    = {Onieva.E and Pelta and Alonsoand.J},
  title     = {A Modular Parametric Architecture for the TORCS Racing Engine},
  journal   = {TORCS news},
  year      = {2011},
  owner     = {pc},
  timestamp = {2016.02.29},
}

@Conference{LFAG,
  author    = {Onieva.E and Alonso.J and Perez.J and Milanes.V},
  title     = {Autonomous car fuzzy control modeled by iterative genetic algorithms},
  booktitle = {Fuzzy Systems},
  year      = {2009},
  pages     = {1615 - 1620},
  address   = {Jeju Island Arganda del Rey Spain},
  month     = {Augest},
  doi       = {10.1109/FUZZY.2009.5277397},
  owner     = {pc},
  timestamp = {2015.11.18},
}

@Article{Fuzzy2011,
  author    = {Godil.S.S. and Shamim.M.S. and Enam.S.A. and Qidwai.U.},
  title     = {Fuzzy logic: A “simple” solution for complexities in neurosciences?},
  journal   = {Surg Neurol Int.},
  year      = {2011},
  owner     = {pc},
  timestamp = {2016.05.12},
}

@Article{GA,
  author    = {Uhlenbein.H.M},
  title     = {Predictive models for the breeder genetic algorithm i. continuous parameter optimization},
  journal   = {Evolutionary computation},
  year      = {1993},
  owner     = {pc},
  timestamp = {2016.03.01},
}

@Article{auteurAG1998,
  Title                    = {A competitive genetic algorithm for resource-constrained project scheduling},
  Author                   = {Sonke Hartmann},
  Journal                  = {Naval Research Logistics (NRL)},
  Year                     = {1998},

  Month                    = {october},
  Pages                    = {733–750},
  Volume                   = {45},

  Owner                    = {pc},
  Timestamp                = {2016.02.29}
}

@Conference{neurone,
  author    = {Koutnik.J and G.Cuccu andJ.Schmidhuber and F.Gomez},
  title     = {Evolving Large Scale Neural Networks for Vision Based TORCS},
  booktitle = {Foundations of Digital Games},
  year      = {2013},
  address   = {Dipartimento tecnologie innovative Istituto Dalle Molle di studi sull'intelligenza artificiale},
  month     = {March},
  publisher = {J.Koutnik},
  owner     = {pc},
  timestamp = {2015.11.18},
  url       = {http://repository.supsi.ch/id/eprint/4548},
}

@Article{Kartalopoulos2004,
  Title                    = {Understanding Neural Networks and Fuzzy Logic: Basic Concepts and Applications},
  Author                   = {Stamatios V. Kartalopoulos},
  Journal                  = {Wiley-IEEE Press},
  Year                     = {1995},

  Owner                    = {pc},
  Timestamp                = {2016.05.25}
}

@Conference{AG,
  author    = {Cardamone.L. and Loiacono.D. and Lanzi .P.L.and Bardelli.A.P.},
  title     = {Searching for the Optimal Racing Line Using Genetic Algorithms},
  booktitle = {Computational Intelligence and Games},
  year      = {2010},
  pages     = {388 - 394},
  address   = {Dublin},
  month     = {Augest},
  publisher = {IEEE},
  doi       = {10.1109/ITW.2010.5593330},
  owner     = {pc},
  timestamp = {2015.11.18},
}

@Article{fuzzy2,
  author    = {Loiacono.L. and Lanzi.D.},
  title     = {Learning drivers for TORCS through imitation using supervised methods},
  journal   = {CIG (Computational Intelligence in Games)},
  year      = {2009},
  pages     = {148-155},
  owner     = {pc},
  timestamp = {2016.03.01},
}

@Article{wang1994,
  Title                    = {Collision avoidance by fuzzy logic control for automated guided vehicle navigation},
  Author                   = {PS Lee and LL Wang},
  Journal                  = {Journal of robotic systems},
  Year                     = {1994},

  Owner                    = {pc},
  Timestamp                = {2016.05.25}
}

@Article{Torcs3,
  author    = {Daniele Loiacono and Luigi Cardamone and Martin.V. B and Pier Luca Lanzi},
  title     = {The 2011 SimulatedCar Racing Championship @ CIG-2011},
  journal   = {TORCS news},
  year      = {2011},
  owner     = {pc},
  timestamp = {2016.02.29},
  url       = {http://cig.dei.polimi.it/wpcontent/},
}

@Article{Mitchell1998,
  author    = {Mitchell.M.},
  title     = {An Introduction to Genetic Algorithms},
  journal   = {Complex Adaptive Systems},
  year      = {1998},
  owner     = {pc},
  timestamp = {2016.03.01},
}

@Article{history,
  author    = {Stevens.M},
  title     = {A brief history of video game consoles from the early 1970s to the late 1990s},
  journal   = {venturebeat},
  year      = {2013},
  owner     = {pc},
  timestamp = {2016.02.22},
}

@Article{fsmdriver,
  author    = {Bruno.M and Matheus.C.C and Yuri.B and Guilherme.N.R},
  title     = {Comparing the Performance of Finite-State Machines with Different Numbers of States on TORCS},
  journal   = {University of Brasilia},
  year      = {2015},
  owner     = {pc},
  timestamp = {2016.04.30},
}

@Article{Mandani1975,
  Title                    = {An experiment in linguistic synthesis with a fuzzy logic controller,},
  Author                   = {Mamdani and E.H. and S. Assilian},
  Journal                  = {International Journal of Man-Machine Studies},
  Year                     = {1975},
  Number                   = {1},
  Pages                    = {1-13},
  Volume                   = {7},

  Owner                    = {pc},
  Timestamp                = {2016.05.25}
}

@Article{PSOAPF,
  author   = {Abdelrasoul.N},
  title    = {Optimization Techniques For an Artificial Potential Fields Racing Car Controller},
  journal  = {Digitala Vetenskapliga Arkivet},
  year     = {2013},
  pages    = {39},
  keywords = {Autonomous car controller and Artificial Potential Fields (APF) and Particle Swarm Optimization (PSO) and TORCS.},
}

@Article{optimisation2013,
  author    = {Chaudhary.N and Sharma.S},
  title     = {RACE CAR STRATEGY OPTIMISATION UNDER SIMULATION},
  journal   = {Computer science and engineering},
  year      = {2013},
  owner     = {pc},
  timestamp = {2016.05.01},
}

@Article{auteur2012,
  author    = {Onieva.E and Pelta.D and Godoy.J and Milanes.V and Rastelli.J. P},
  title     = {An Evolutionary Tuned Driving System for Virtual Car Racing Game},
  journal   = {International journal of intelligent systems},
  year      = {2012},
  volume    = {26},
  number    = {3},
  owner     = {pc},
  timestamp = {2015.11.19},
}

@Article{torcs2012,
  author    = {Onieva.E. and Pelta.D. and Godoy.J. and Milanes.V. and Rastelli.J. P.},
  title     = {An Evolutionary Tuned Driving System for Virtual Car Racing Games: The AUTOPIA Driver},
  journal   = {International Journal of Intelligent Systems},
  year      = {2012},
  volume    = {27},
  pages     = {217-241},
  owner     = {pc},
  timestamp = {2016.05.01},
}

@Article{auteur2015,
  author    = {Perez.D},
  title     = {Adaptive Controllers for Real-Time Games},
  journal   = {Electronic Engineering},
  year      = {2015},
  owner     = {pc},
  timestamp = {2016.03.01},
}

@Article{Rajasekaran2003,
  Title                    = {Transient hearing loss with labour epidural block},
  Author                   = {A. K. Rajasekaran and P. Kirk and S. Varshney},
  Journal                  = {Anaesthesia},
  Year                     = {2003},

  Owner                    = {pc},
  Timestamp                = {2016.05.25}
}

@Article{fuzzy2014,
  author    = {Rizvi1.R. and Kalra2.S and Gosalia3.C and Rahnamayan1.S},
  title     = {Fuzzy Adaptive Cruise Control System with Speed Sign Detection Capability},
  journal   = {IEEE International Conference on Fuzzy Systems},
  year      = {2014},
  owner     = {pc},
  timestamp = {2016.02.29},
}

@Book{IA2,
  title     = {Artificial Intelligence : A Modern Approach},
  publisher = {Prentice Hall},
  year      = {2002},
  author    = {Russell.S. and Norvig.P.},
  editor    = {Hardcover},
  month     = {Décemer},
  owner     = {pc},
  timestamp = {2016.05.11},
}

@Article{defjeu,
  author    = {Grant.T.},
  title     = {Definition of Video games},
  journal   = {Contemporary aesthetics},
  year      = {2008},
  volume    = {6},
  month     = {January},
  owner     = {pc},
  timestamp = {2016.02.20},
}

@Conference{evol,
  Title                    = {Optimization of an Autonomous
Car Controller using a Self-Adaptive
Evolutionary Strategy},
  Author                   = {Tae SeongKim, Joong Chae Na ,Kyung Joong Kim},
  Booktitle                = {-},
  Year                     = {2012},

  Journal                  = {International Journal of Advanced Robotic Systems},
  Owner                    = {pc},
  Timestamp                = {2015.11.18}
}

@Article{torcs4,
  author    = {Wyman.B and Espie.E and Guionneau.C and Dimitrakakis.C and Coulom.R and Sumner.A},
  title     = {TORCS The Open Racing Car Simulator},
  journal   = {http://www.torcs.org},
  year      = {2014},
  owner     = {pc},
  timestamp = {2016.04.30},
}

@Article{Takagi1985,
  author    = {Morère.Y.},
  title     = {Mise en œuvre de loi de commandes pour les modèles flous de type Takagi-Sugeno},
  journal   = {Discover Refdoc},
  year      = {2001},
  pages     = {136},
  owner     = {pc},
  timestamp = {2016.02.29},
}

@Article{klir1995,
  Title                    = {Fuzzy Sets and Fuzzy Logic : Theory and Applications by Bo Yuan and George J. Klir (1995, Paperback)},
  Author                   = {Bo Yuan and George J. Klir},
  Journal                  = {half.ebay},
  Year                     = {1995},
  Pages                    = {592},

  Owner                    = {pc},
  Timestamp                = {2016.02.29}
}

@Article{zadeh1975,
  Title                    = {The concept of a linguistic variable and its application to approximate reasoning},
  Author                   = {L.A. Zadeh},
  Journal                  = {Information Sciences},
  Year                     = {1975},
  Pages                    = {199–249},
  Volume                   = {8},

  Owner                    = {pc},
  Timestamp                = {2016.02.29}
}

@Article{zadeh1965,
  Title                    = {Fuzzy sets},
  Author                   = {L.A. Zadeh},
  Journal                  = {Information and ControlInformation},
  Year                     = {1965},
  Pages                    = {338–353},
  Volume                   = {8},

  Owner                    = {pc},
  Timestamp                = {2016.02.29}
}

@Article{game,
  author  = {Gentile and D.A. and Anderson and C. A.},
  title   = {Video games},
  journal = {Encyclopedia of Human Development},
  year    = {2006},
}

@Book{game1,
  title     = {The ultimate game developer's sourcebook},
  publisher = {Coriolis Group Books Scottsdale, AZ, USA},
  year      = {1996},
  author    = {Ben Sawyer},
}

@Article{game2,
  author  = {Henry Lowood},
  title   = {Videogames in Computer Space:The Complex History of Pong},
  journal = {IEEE Annals of the History of Computing},
  year    = {2009},
}

@Article{game3,
  author  = {Michael D. Gallagher},
  title   = {Essential Facts about the Computer and Video Game Industry},
  journal = {Entertainment Software Association},
  year    = {2012},
}

@Book{torcs8,
  title     = {Driving faster than a human player},
  publisher = {Springer Berlin Heidelberg},
  year      = {2011},
  author    = {Quadflieg.J and Preuss.M and Rudolph.G},
  volume    = {6624},
  series    = {Lecture Notes in Computer Science},
  booktitle = {Applications of Evolutionary Computation},
}

@Article{torcs6,
  author  = {Cardamonea.L and Lanzia.P. L and Loiaconoa.D and Onievab.E.},
  title   = {Advanced overtaking behaviors for blocking opponents in racing games using a fuzzy architecture},
  journal = {sciencedirect.},
  year    = {2013},
  volume  = {40},
  pages   = {6447–6458},
  month   = {Novembre},
}

@Article{torcs7,
  author  = {Butz.M.V and Linhardt.M.J and Lonneker.T.D},
  title   = {Effective Racing on Partially Observable Tracks: Indirectly Coupling Anticipatory Egocentric Sensors With Motor Commands},
  journal = {IEEE Transactions on Computational Intelligence and AI in Games},
  year    = {2011},
  volume  = {3},
  pages   = {31 - 42},
}

@Article{track,
  author  = {Jan Quadflieg},
  title   = {Learning the track and planning ahead in a car racing controller},
  journal = {Proceedings of the 2010 IEEE Conference on Computational Intelligence and Games},
  year    = {2010},
  pages   = {395 - 402},
}

@MastersThesis{autonoms,
  author = {Behal Lukas and Bc.},
  title  = {An Autonomous Driver of a TORCS Racing Car},
  school = {Brno University of Technology - Faculty of Information Technology Department of Computer Systems},
  year   = {2012},
}

@Article{auteur2010,
  author  = {Onieva.E.},
  title   = {Overtaking opponents with blocking strategies using fuzzy logic},
  journal = {Proceedings of the 2010 IEEE Conference on Computational Intelligence and Games},
  year    = {2010},
  pages   = {123 - 130},
}

@Article{auteur22010,
  author  = {Kim.K.J. and Cho.S.B.},
  title   = {Experience on Running a Small-Size Simulated Car Racing Tournament in an Introductory Programming Course},
  journal = {IEEE},
  year    = {2010},
}

@Article{auteur312013,
  author  = {Onievaa.E and Godoyb.J and Villagráb.J and Milanésc.V and Pérezd.J},
  title   = {On-line learning of a fuzzy controller for a precise vehicle cruise control system},
  journal = {IEEE},
  year    = {2013},
  volume  = {40},
  pages   = {1046–1053},
}

@Article{auteur2008,
  author  = {Loiacono.D. and Togelius.J. and Lanzi.P. L. and Kinnaird-Heether.L and Lucas .S. M.and Simmerson .M.and Perez.D. and Reynolds.R. G. and Saez.Y.},
  title   = {The wcci 2008 simulated car racing competition},
  journal = {IEEE Symposium on Computational Intelligence and Games},
  year    = {2008},
}

@Article{torcs2009,
  author  = {Loiacono.D.and Cardamone.L. and Lanzi.P. L.},
  title   = {Simulated car racing championship 2009: Competition software manual},
  journal = {Dipartimento di Elettronica e Informazione, Politecnico di Milano, Milan, Italy, Tech.},
  year    = {2009},
}

@Conference{drivebehaviors,
  author    = {Cardamone.L. and Caiazzo.A and Loiacono.D and Lanzi.P. L},
  title     = {Transfer of driving behaviors across different racing games,},
  booktitle = {Computational Intelligence and Games (CiG)},
  year      = {2011},
  pages     = {227–234.},
  address   = {Seoul},
  publisher = {IEEE},
}

@Article{autcas2007,
  author  = {Lucas.S.M. and Togelius.J.},
  title   = {Point-to-Point Car Racing: an Initial Study of Evolution Versus Temporal Difference Learning},
  journal = {Proceedings of the 2007 IEEE Symposium on Computational Intelligence and Games (CIG 2007)},
  year    = {2007},
}

@Article{aut2006,
  author  = {Togelius.J},
  title   = {Evolving robust and specialized car racing skills},
  journal = {in Proceedings of the IEEE Congress on Evolutionary Computation},
  year    = {2006},
}

@Article{race2006,
  author  = {Togelius.J. and Nardi .R. D. and Lucas.S. M},
  title   = {Making racing fun through player modeling and track evolution},
  journal = {Proceedings of the SAB'06 Workshop on Adaptive Approaches for Optimizing Player Satisfaction in Computer and Physical Games},
  year    = {2006},
}

@Article{web,
  author    = {Leprince.G},
  title     = {Pertes mécaniques par frottement et lubrification dans une boîte de vitesses},
  journal   = {INSA de Lyon},
  year      = {2011},
  language  = {Francais},
  owner     = {pc},
  timestamp = {2015.11.18},
  url       = {http://www.mecanique.com/levier de vitesse},
}

@Article{ia2000,
  author  = {Laird.J.E and Lent.M.v},
  title   = {Human-level AI’s killer application Interactive computer games},
  journal = {AAAI Press / The MIT Press},
  year    = {2000},
  pages   = {1171–1178},
}

@Article{fuzzy2008,
  author  = {Cordon.O. and Gomide.F. and Herrera.F. and Hoffmann.F. and Magdalena.L.},
  title   = {Genetic fuzzy systems: Taxonomy, current research trends and prospects},
  journal = {Evolutionary Intelligence},
  year    = {2008},
  volume  = {1},
  pages   = {27–46},
}

@Article{fuzzy2004,
  author  = {O. Cordon and F. Gomide and F. Herrera and F. Hoffmann and L. Magdalena},
  title   = {Ten years of genetic fuzzy systems: Current framework and new trends},
  journal = {Fuzzy Sets and Systems},
  year    = {2004},
  volume  = {141},
  number  = {1},
  pages   = {5–31},
}

@Article{fuzzy1999,
  author  = {M. Sugeno},
  title   = {On stability of fuzzy systems expressed by fuzzy rules},
  journal = {IEEE Trans. Fuzzy Syst},
  year    = {1999},
  volume  = {vol. 7(2)},
  pages   = {201–224},
}

@Article{fuzzy1998,
  author  = {Garcia.R and Pedro.T.D},
  title   = {Modeling a fuzzy coprocessor and its programming language},
  journal = {Mathware and Soft Computing},
  year    = {1998},
  volume  = {5(2-3)},
  pages   = {167–174},
}

@Article{fuzzy1988,
  author  = {M. Sugeno and G. T. Kang},
  title   = {Structure identification of fuzzy model},
  journal = {Fuzzy Sets and Systems},
  year    = {1988},
  volume  = {28},
  pages   = {15–33},
}

@Article{geo,
  author  = {http://www.etudes.ru/fr/etudes/auto/},
  title   = {La géométrie des virages},
  journal = {Mathematical Etudes,},
  year    = {2002},
}

@Article{rayon,
  author  = {shuklaand Dr. S. and Tiwari.M.},
  title   = {Fuzzy Logic of Speed and Steering Control System for Three Dimensional Line Following of an Autonomous Vehicle},
  journal = {International Journal of Computer Science and Information Security},
  year    = {2010},
}

@Article{Inteli2007,
  author  = {Partouche.D and Pasquier.M. and Spalanzani.A.},
  title   = {Intelligent Speed Adaptation Using a Self-Organizing Neuro-Fuzzy Controller},
  journal = {Proceedings of the 2007 IEEE Intelligent Vehicles Symposium},
  year    = {2007},
}

@Book{auto2007,
  title     = {Mechatronic systems: devices, design, control, operation and monitoring},
  publisher = {CRC Press},
  year      = {2007},
  author    = {CW De Silva},
  editor    = {CW De Silva},
}




@Comment{jabref-meta: databaseType:bibtex;}
